% This file was created with JabRef 2.3.1.
% Encoding: ISO-8859-15

@MISC{greenstone,
  author = {greenstone developers},
  title = {Greenstone Digital Library Software},
  owner = {lizardking},
  timestamp = {2008.07.18},
  url = {http://www.greenstone.org/}
}

@MISC{GWS,
  author = {google inc.},
  title = {Google SOAP Search API (Beta)},
  owner = {sbaush},
  timestamp = {2006.03.22},
  url = {http://code.google.com/apis/soapsearch/reference.html}
}

@MISC{ibm-py-ws,
  author = {ibm developers},
  title = {The Python Web services developer: The real world, Part 1},
  owner = {sbaush},
  timestamp = {2006.03.22},
  url = {http://www.ibm.com/developerworks/webservices/library/ws-pyth14/}
}

@MISC{Tarocchi,
  author = {A.Tarocchi },
  title = {Xml4Greenstone:estrazione di titoli e autore da articoli scientifici},
  owner = {sbaush},
  timestamp = {2006.03.22}
}

@BOOK{progpython,
  title = {Programmare con Python},
  editor = {Hoeply},
  author = {Lutz,M. and Ascher,D.},
  owner = {sbaush},
  timestamp = {2006.03.22}
}

@BOOK{dive,
  title = {Dive Into Python - Python per programmatori esperti},
  editor = {Apress},
  author = {Pilgrim,M.},
  owner = {sbaush},
  timestamp = {2006.03.22}
}

@MISC{pydoc,
  author = {van Rossum,G.},
  title = {Documentazione ufficiale Python},
  owner = {sbaush},
  timestamp = {2006.03.22},
  url = {http://www.python.org/doc/}
}

@MISC{pystd,
  author = {Van Rossum,G.},
  title = {Python Library Reference},
  owner = {sbaush},
  timestamp = {2006.03.22},
  url = {http://docs.python.org/lib/lib.html}
}

@MISC{regexp,
  author = {Kuchling, A.M. },
  title = {Regular Expression HOWTO},
  owner = {sbaush},
  timestamp = {2006.03.22},
  url = {http://www.amk.ca/python/howto/regex/}
}

@comment{jabref-meta: selector_author: ;}

